@book{clrs, place={Cambridge (Inglaterra)}, edition={3}, title={Introduction to algorithms}, publisher={Mit Press}, author={Cormen, Thomas H. and Leiserson, Charles E. and Rivest, Ronald L. and Stein, Clifford}, year={2009}}
